@Book{lipschutz2009linear,
 author = {Lipschutz, Seymour},
 title = {Linear algebra},
 publisher = {McGraw-Hill},
 year = {2009},
 address = {New York},
 isbn = {978-0-07-154353-8}
 }

 @book{oppenheim1989discrete,
  title={Discrete-time Signal Processing},
  author={Oppenheim, A.V. and Schafer, R.W.},
  isbn={9780132162920},
  lccn={88025562},
  series={Prentice-Hall signal processing series},
  year={1989},
  publisher={Prentice Hall}
}

@book{modernOS,
  title ={Modern Operating Systems, 4th Edition},
  author ={A.S. Tanenbaum and H.J. Bos},
  year ={2015},
  language ={English},
  isbn = {978-0133591620},
  publisher = {Pearson Higher Education},
}

@article{arutyunov2012cloud,
  title={Cloud computing: Its history of development, modern state, and future considerations},
  author={Arutyunov, VV},
  journal={Scientific and Technical Information Processing},
  volume={39},
  pages={173--178},
  year={2012},
  publisher={Springer}
}

@MISC{AWSlauch,
author = {AWS},
title = {Amazon Web Services Launches},
month = mar,
year = {2006},
howpublished={\url{https://press.aboutamazon.com/2006/3/amazon-web-services-launches}}
}


@MISC{OCIContainer,
author = {Ivan Velichko},
title = {What Is a Standard Container: Diving Into the OCI Runtime Spec},
month = dec,
year = {2022},
howpublished={\url{https://iximiuz.com/en/posts/oci-containers/}}
}


@MISC{StatisticsCloud,
author = {Statistics Cloud},
title = {Cloud Computing Statistics That Will Blow Your Mind},
month = dec,
year = {2023},
howpublished={\url{https://www.cloudzero.com/blog/cloud-computing-statistics/}}
}


@MISC{ProfitCloud,
author = {Business Growth Cloud},
title = {\$414 Billion in Profits can be Gained by Using Cloud for Business Growth: Infosys Research},
month = may,
year = {2021},
howpublished={\url{https://www.infosys.com/newsroom/press-releases/2021/cloud-business-growth-research.html}}
}

@book{chirammal2016mastering,
  title={Mastering KVM Virtualization},
  author={Chirammal, H.D. and Mukhedkar, P. and Vettathu, A.},
  isbn={9781784396916},
  url={https://books.google.com.br/books?id=fAjVDQAAQBAJ},
  year={2016},
  publisher={Packt Publishing}
}

@misc{wiki:Ioctl,
   author = "Wikipedia",
   title = "{Ioctl} --- {W}ikipedia{,} The Free Encyclopedia",
   year = "2024",
   howpublished = {\url{http://en.wikipedia.org/w/index.php?title=Ioctl&oldid=1219949704}},
   note = "[Online; accessed 21-June-2024]"
 }

@MISC{TechTargetvCPU,
author = {TechTarget},
title = {TechTarget what is vCPU},
month = sep,
year = {2023},
howpublished={\url{https://www.techtarget.com/whatis/definition/virtual-CPU-vCPU}}
}


@article{zabaljauregui2008hardware,
  title={Hardware assisted virtualization intel virtualization technology},
  author={Zabalj{\'a}uregui, Mat{\i}as},
  journal={Unpublished Student Thesis},
  year={2008}
}

@article{dong2012high,
  title={High performance network virtualization with SR-IOV},
  author={Dong, Yaozu and Yang, Xiaowei and Li, Jianhui and Liao, Guangdeng and Tian, Kun and Guan, Haibing},
  journal={Journal of Parallel and Distributed Computing},
  volume={72},
  number={11},
  pages={1471--1480},
  year={2012},
  publisher={Elsevier}
}


@MISC{DockerDocumentation,
author = {Docker},
title = {Docker Documentation},
month = jan,
year = {2024},
howpublished={\url{https://docs.docker.com}}
}


@MISC{ClusterFundamentos,
author = {UFPE},
title = {Cluster Computadores},
month = jan,
year = {2023},
howpublished={\url{https://apuana.cin.ufpe.br/TheoryCluster/Theory_cluster.html}}
}


@MISC{DocumentacaoOpenstack,
author = {Openstack},
title = {Documentacao Openstack},
month = jan,
year = {2024},
howpublished={\url{https://docs.openstack.org/}}
}


@MISC{HistoryOfCloudByIBM,
author = {IBM},
title = {Time Sharing},
month = jan,
year = {2024},
howpublished={\url{https://www.ibm.com/history/time-sharing}}
}


@MISC{HistoryOfContainers,
author = {Tim Hildred},
title = {The History of Containers},
month = Aug,
year = {2015},
howpublished={\url{https://www.redhat.com/en/blog/history-containers}}
}


@MISC{CompaniesMigrateToAWS,
author = {AWS},
title = {Companies that migrated to AWS},
month = Jan,
year = {2014},
howpublished={\url{https://aws.amazon.com/cloud-migration/customers/}}
}


@MISC{GrowthCompaniesInCloud_one,
author = {Edge Delta},
title = {How Many Companies Use Cloud Computing in 2024},
month = May,
year = {2024},
howpublished={\url{https://edgedelta.com/company/blog/how-many-companies-use-cloud-computing-in-2024}}
}

@MISC{GrowthCompaniesInCloud_two,
author = {Datamation},
title = {Cloud Computing Adoption},
month = Apr,
year = {2017},
howpublished={\url{https://www.datamation.com/cloud/cloud-computing-adoption/}}
}


@MISC{InternetLiveWebsites,
author = {Internet Live Stats},
title = {Total number of Websites},
month = Jan,
year = {2018},
howpublished={\url{https://www.internetlivestats.com/total-number-of-websites/}}
}


@MISC{WhyUseLinux,
author = {Ken Lee},
title = {Why Use Linux for Servers in Enterprise Environments},
month = Jun,
year = {2024},
howpublished={\url{https://www.suse.com/c/why-use-linux/}}
}


@MISC{LWNNamespaces,
author = {Michael Kerrisk},
title = {Namespaces in operation, part 1: namespaces overview},
month = Jan,
year = {2013},
howpublished={\url{https://lwn.net/Articles/531114/}}
}

@inproceedings{qian2009cloud,
  title={Cloud computing: An overview},
  author={Qian, Ling and Luo, Zhiguo and Du, Yujian and Guo, Leitao},
  booktitle={Cloud Computing: First International Conference, CloudCom 2009, Beijing, China, December 1-4, 2009. Proceedings 1},
  pages={626--631},
  year={2009},
  organization={Springer}
}


@MISC{privateCloudAdvantagesDisadvantages,
author = {Stephanie Susnjara},
title = {The advantages and disadvantages of private cloud},
month = Jan,
year = {2013},
howpublished={\url{https://www.ibm.com/blog/private-cloud-advantages-disadvantages/}}
}



@MISC{DataCenterCPUMarketAMDSurpassesIntelinShareGrowth,
author = {Team Couterpoint},
title = {Data Center CPU Market: AMD Surpasses Intel in Share Growth},
month = Feb,
year = {2023},
howpublished={\url{https://www.counterpointresearch.com/insights/data-center-cpu-market-amd-surpasses-intel-share-growth/}}
}


% Erik Fernandes Tronkos, Guilherme Thurler Borges, Pedro Hollanda Boueke, Pedro Volpi Nacif
@MISC{OpenStackIndtroductionUFRJ,
author = {Bernardo Amorim},
title = {Arquitetura OpenStack},
month = Jan,
year = {2015},
howpublished={\url{https://www.gta.ufrj.br/ensino/eel879/trabalhos_vf_2015_2/OpenStack/}}
}


@MISC{OpenStackSoftware,
author = {OpenStack},
title = {OpenStack Software},
month = Jan,
year = {2024},
howpublished={\url{https://www.openstack.org/software/}}
}



@MISC{OpenStackNovaArchitecture,
author = {OpenStack Nova},
title = {Nova Architecture},
month = Jan,
year = {2024},
howpublished={\url{https://docs.openstack.org/nova/latest/admin/architecture.html}}
}


@MISC{OpenStackNeutronArchitecture,
author = {OpenStack Neutron},
title = {Neutron Architecture},
month = Jan,
year = {2024},
howpublished={\url{https://docs.openstack.org/security-guide/networking/architecture.html}}
}

@MISC{OpenStackConfiguration,
author = {OpenStack},
title = {OpenStack Configuration},
month = Jan,
year = {2024},
howpublished={\url{https://docs.openstack.org/devstack/latest/configuration.html}}
}


@MISC{LinuxContainers,
author = {THIAGO LEAL DAMÁSIO MACHADO},
title = {Linux Containers},
month = Jan,
year = {2017},
howpublished={\url{https://www.gta.ufrj.br/ensino/eel879/trabalhos_vf_2017_2/lxc/}}
}


@MISC{WhatIsDocker,
author = {RedHat},
title = {O que é Docker},
month = Jan,
year = {2023},
howpublished={\url{https://www.redhat.com/pt-br/topics/containers/what-is-docker}}
}


@inproceedings{rosado2014overview,
  title={An overview of openstack architecture},
  author={Rosado, Tiago and Bernardino, Jorge},
  booktitle={Proceedings of the 18th international database engineering \& applications symposium},
  pages={366--367},
  year={2014}
}


@MISC{BlockStorage,
author = {IBM},
title = {O que é o Armazenamento em Bloco},
month = Jan,
year = {2024},
howpublished={\url{https://www.ibm.com/topics/block-storage}}
}



@MISC{OpenStackCinder,
author = {OpenStack Cinder},
title = {Cinder Documentação},
month = Jan,
year = {2024},
howpublished={\url{https://docs.openstack.org/cinder/latest/}}
}


@MISC{OpenStackSwitft,
author = {OpenStack Switft},
title = {Switft Documentação},
month = Jan,
year = {2024},
howpublished={\url{https://docs.openstack.org/cinder/latest/}}
}


@misc{panasas2007object,
  title={Object Storage Architecture White Paper},
  author={Panasas, Inc.},
  year={2007},
  month={April},
  howpublished={White paper},
  note={Accessed: 2024-08-31},  
  url={https://www.sstc.co.jp/products/Panasas/OSA_WP_FINAL.pdf}
}


@MISC{OperationSystemMarketVolume,
author = {Fortune Business Insights},
title = {Server Operating System Market Volume, Share \& Industry Analysis},
month = Nov,
year = {2024},
note={Accessed: 2024-11-23},  
howpublished={\url{https://www.fortunebusinessinsights.com/server-operating-system-market-106601}}
}


@article{kumar2014open,
  title={Open source solution for cloud computing platform using OpenStack},
  author={Kumar, Rakesh and Gupta, Neha and Charu, Shilpi and Jain, Kanishk and Jangir, Sunil Kumar},
  journal={International Journal of Computer Science and Mobile Computing},
  volume={3},
  number={5},
  pages={89--98},
  year={2014}
}


@MISC{OpenStackGlance,
author = {OpenStack Glance},
title = {Glance Documentação},
month = Jan,
year = {2024},
howpublished={\url{https://docs.openstack.org/glance/latest/}}
}


@MISC{OpenStackHeat,
author = {OpenStack Heat},
title = {Heat Documentação},
month = Jan,
year = {2024},
howpublished={\url{https://wiki.openstack.org/wiki/Heat}}
}


@MISC{OpenStackTrove,
author = {OpenStack Trove},
title = {Trove Documentação},
month = Jan,
year = {2024},
howpublished={\url{https://docs.openstack.org/trove/latest/}}
}


@article{da2018self,
  title={Self-adaptive authorisation in OpenStack cloud platform},
  author={Da Silva, Carlos Eduardo and Diniz, Thom{\'a}s and Cacho, Nelio and Lemos, Rog{\'e}rio de},
  journal={Journal of Internet Services and Applications},
  volume={9},
  pages={1--17},
  year={2018},
  publisher={Springer}
}


@MISC{KubernetsDocumentation,
author = {Kubernets},
title = {Documentação Kubernets},
month = Jan,
year = {2024},
howpublished={\url{https://kubernetes.io/docs/home/}}
}



@MISC{CloudDataverseSwiftHarvard,
author = {Mercè Crosas},
title = {Cloud Dataverse},
month = May,
year = {2017},
howpublished={\url{https://scholar.harvard.edu/mercecrosas/presentations/cloud-dataverse-data-repository-platform-openstack-cloud}}
}


@MISC{UniversitiesUsingOpenStackOpenMetal,
author = {Hanukaev},
title = {Common Use Cases \& Benefits of OpenStack Technology for Universities},
month = Jun,
year = {2024},
note={Accessed: 2024-10-02},  
howpublished={\url{https://openmetal.io/resources/blog/common-use-cases-benefits-of-openstack-technology-for-universities/}}
}



@MISC{UCLouvainOpenNebula,
author = {Frédéric Malengreau},
title = {UCLouvain Case Study VDI for 37,000 students with OpenNebula},
month = Nov,
year = {2018},
note={Accessed: 2024-10-02},  
howpublished={\url{https://opennebula.io/blog/experiences/uclouvain-case-study-vdi-for-37000-students-with-opennebula/}}
}


@MISC{USPCloudStack,
author = {Giles Sirett},
title = {University of São Paulo move to open source Apache CloudStack to power Latin Americas largest educational cloud | Case Studies},
month = Dec,
year = {2018},
note={Accessed: 2024-10-02},  
howpublished={\url{https://www.shapeblue.com/university-of-sao-paulo-move-to-open-source-apache-cloudstack-to-power-latin-americas-largest-educational-cloud/}}
}


@inproceedings{wen2012comparison,
  title={Comparison of open-source cloud management platforms: OpenStack and OpenNebula},
  author={Wen, Xiaolong and Gu, Genqiang and Li, Qingchun and Gao, Yun and Zhang, Xuejie},
  booktitle={2012 9th International Conference on Fuzzy Systems and Knowledge Discovery},
  pages={2457--2461},
  year={2012},
  organization={IEEE}
}


@MISC{IBMWithOpenShift,
author = {IBM},
title = {IBM Cloud Private with OpenShift},
month = May,
year = {2022},
note={Accessed: 2024-10-03},  
howpublished={\url{https://www.ibm.com/docs/en/cloud-private/3.1.2?topic=environments-cloud-private-openshift}}
}


@inproceedings{vogel2016private,
  title={Private IaaS clouds: a comparative analysis of OpenNebula, CloudStack and OpenStack},
  author={Vogel, Adriano and Griebler, Dalvan and Maron, Carlos AF and Schepke, Claudio and Fernandes, Luiz Gustavo},
  booktitle={2016 24th Euromicro International Conference on Parallel, Distributed, and Network-Based Processing (PDP)},
  pages={672--679},
  year={2016},
  organization={IEEE}
}


@article{kitchenham2010systematic,
  title={Systematic literature reviews in software engineering--a tertiary study},
  author={Kitchenham, Barbara and Pretorius, Rialette and Budgen, David and Brereton, O Pearl and Turner, Mark and Niazi, Mahmood and Linkman, Stephen},
  journal={Information and software technology},
  volume={52},
  number={8},
  pages={792--805},
  year={2010},
  publisher={Elsevier}
}

@MISC{OpenShiftDocumentation,
author = {RedHat},
title = {OpenShift Documentation},
month = May,
year = {2024},
note={Accessed: 2024-10-16},  
howpublished={\url{https://docs.openshift.com/container-platform/4.17/welcome/learn_more_about_openshift.html}}
}



@inproceedings{shahzadi2017infrastructure,
  title={Infrastructure as a service (IaaS): A comparative performance analysis of open-source cloud platforms},
  author={Shahzadi, Sonia and Iqbal, Muddesar and Qayyum, Zia Ul and Dagiuklas, Tasos},
  booktitle={2017 IEEE 22nd International Workshop on Computer Aided Modeling and Design of Communication Links and Networks (CAMAD)},
  pages={1--6},
  year={2017},
  organization={IEEE}
}
